../../bibtex/alex_ren.bib